@misc{stacks-project,
  shorthand    = {Stacks},
  author       = {The {Stacks Project Authors}},
  title        = {\textit{Stacks Project}},
  howpublished = {\url{https://stacks.math.columbia.edu}},
  year         = {2018},
}


@book{gunning2022analytic,
  title={Analytic functions of several complex variables},
  author={Gunning, Robert C and Rossi, Hugo},
  volume={368},
  year={2022},
  publisher={American Mathematical Society}
}


@book{neeman2007algebraic,
  title={Algebraic and analytic geometry},
  author={Neeman, Amnon},
  number={345},
  year={2007},
  publisher={Cambridge University Press}
}
