@misc{stacks-project,
  shorthand    = {Stacks},
  author       = {The {Stacks Project Authors}},
  title        = {\textit{Stacks Project}},
  howpublished = {\url{https://stacks.math.columbia.edu}},
  year         = {2018},
}
